<mjloggm ver="2.3"><GO type="169" lobby="0"/><UN n0="%68%61%79%61%74%6F%E2%98%86" n1="%42%65%6E%63%68%69%6E%67" n2="%6D%69%6B%75%36%31%38" n3="%6A%79%75%6E%6F%68" dan="16,16,16,18" rate="2073.41,2161.78,2089.47,2252.81" sx="M,M,M,M"/><TAIKYOKU oya="0"/><INIT seed="0,0,0,4,5,56" ten="250,250,250,250" oya="0" hai0="40,67,4,69,47,48,126,35,76,3,101,121,127" hai1="11,39,55,132,38,95,45,20,85,115,94,119,84" hai2="26,2,73,91,33,60,129,124,86,28,46,17,64" hai3="70,123,36,22,0,62,15,133,44,130,13,14,12"/><T89/><D121/><U81/><E119/><V99/><F73/><W93/><G0/><T118/><D118/><U120/><E120/><V74/><F74/><W107/><G107/><T66/><D35/><U113/><E132/><V6/><F124/><N who="0" m="47658" /><D76/><U24/><E11/><V32/><F129/><W58/><G70/><T111/><D101/><U135/><E135/><V72/><F72/><W53/><G133/><T9/><D111/><U103/><E55/><V27/><F99/><W54/><G123/><T110/><D110/><U106/><E106/><V114/><F114/><N who="1" m="43529" /><E103/><V88/><F46/><W79/><G79/><T117/><D117/><U116/><E116/><V100/><F100/><W8/><G130/><T16/><D69/><U25/><E45/><V49/><F49/><W34/><G34/><T104/><D104/><U59/><E59/><N who="2" m="36895" /><F33/><W78/><G22/><T52/><D40/><U102/><E102/><V63/><F32/><W75/><G75/><T29/><D29/><U108/><E20/><N who="2" m="13583" /><F28/><W125/><G125/><T50/><D50/><U10/><E108/><V77/><F77/><W128/><G78/><T112/><D112/><U96/><E39/><V80/><F91/><W90/><G128/><T98/><D16/><U31/><E38/><V19/><F19/><W82/><G36/><T1/><D1/><U83/><E31/><V131/><F131/><W43/><G8/><T23/><D23/><U18/><E10/><N who="2" m="2391" /><F27/><W5/><G13/><T71/><D71/><U42/><E25/><V65/><F65/><W109/><G109/><T105/><D105/><U51/><E24/><RYUUKYOKU ba="0,0" sc="250,15,250,-15,250,15,250,-15" hai0="3,4,9,47,48,52,66,67,89,98" hai2="63,80,86,88" /><INIT seed="0,1,0,3,3,19" ten="265,235,265,235" oya="0" hai0="108,3,71,35,32,129,114,102,122,88,78,63,6" hai1="49,42,40,84,81,0,77,126,50,55,66,59,98" hai2="90,18,4,52,67,111,29,135,85,134,116,39,80" hai3="120,53,10,38,28,34,1,119,27,58,123,91,37"/><T48/><D122/><N who="3" m="46633" /><G119/><T87/><D114/><U45/><E126/><V9/><F39/><W113/><G113/><T15/><D3/><U83/><E0/><V21/><F116/><W36/><G91/><T82/><D129/><U31/><E31/><V97/><F111/><W127/><G127/><T96/><D108/><U79/><E98/><V20/><F67/><W54/><G58/><T117/><D117/><U61/><REACH who="1" step="1"/><E50/><REACH who="1" ten="265,225,265,235" step="2"/><V76/><F29/><W43/><G43/><T131/><D48/><U60/><E60/><V130/><F97/><W44/><G44/><T51/><D51/><U124/><E124/><V26/><F130/><W95/><G1/><T30/><D131/><U24/><E24/><V2/><F26/><W73/><G38/><T62/><D30/><U112/><E112/><V132/><F2/><W72/><G37/><T74/><D62/><U104/><E104/><V68/><F135/><W65/><G36/><T99/><D99/><U110/><E110/><V94/><F134/><W75/><G27/><T8/><D63/><U11/><E11/><V17/><F9/><W69/><G10/><T105/><REACH who="0" step="1"/><D71/><REACH who="0" ten="255,225,265,235" step="2"/><U101/><E101/><V25/><F68/><W33/><G28/><T125/><D125/><U100/><E100/><V109/><F109/><W107/><G69/><T7/><D7/><U93/><E93/><AGARI ba="1,2" hai="6,8,15,32,35,74,78,82,87,88,93,96,102,105" machi="93" ten="30,18000,2" yaku="1,1,7,1,24,2,54,1,53,1" doraHai="19" doraHaiUra="103" who="0" fromWho="1" sc="255,203,225,-183,265,0,235,0" /><INIT seed="0,2,0,3,0,67" ten="458,42,265,235" oya="0" hai0="128,109,15,21,133,73,135,99,114,61,107,47,132" hai1="98,62,14,70,97,24,35,27,82,20,77,90,60" hai2="44,83,55,33,29,38,84,117,119,104,72,87,116" hai3="96,66,19,57,31,7,108,69,16,88,26,79,110"/><T93/><D114/><U134/><E134/><V64/><F104/><W112/><G112/><T85/><D73/><U92/><E98/><V23/><F33/><W80/><G57/><T125/><D128/><U52/><E35/><V101/><F101/><W25/><G7/><T122/><D122/><U74/><E14/><V121/><F121/><W51/><G51/><T54/><D125/><U120/><E120/><V43/><F64/><W65/><G65/><T40/><D107/><U2/><E2/><V22/><F55/><W86/><G26/><T32/><D85/><N who="2" m="32842" /><F29/><W71/><G66/><T6/><D32/><U118/><E118/><V13/><F13/><W95/><G31/><T48/><D109/><N who="3" m="42089" /><G19/><N who="0" m="10495" /><D6/><U105/><E105/><V49/><F49/><W39/><G39/><T11/><D11/><U36/><E36/><V127/><F127/><W30/><G16/><T129/><D129/><U130/><E130/><V5/><F5/><W75/><G75/><T4/><D4/><U28/><E70/><V94/><F94/><W111/><N who="3" m="42097" /><W17/><DORA hai="89" /><G17/><T126/><D126/><U91/><E91/><V103/><F103/><W37/><G37/><T34/><D34/><AGARI ba="2,0" hai="25,30,34,69,71,79,80,86,88,95,96" m="42097" machi="34" ten="40,8000,1" yaku="14,1,52,3,54,1" doraHai="67,89" who="3" fromWho="0" sc="458,-86,42,0,265,0,235,86" /><INIT seed="1,0,0,5,2,36" ten="372,42,265,321" oya="1" hai0="110,42,62,48,93,79,101,82,19,44,85,17,43" hai1="84,95,89,25,103,88,67,11,104,76,112,61,59" hai2="128,40,55,14,4,72,16,129,53,127,9,33,54" hai3="117,90,77,0,73,83,13,126,87,66,63,58,115"/><U109/><E112/><V120/><F120/><W122/><G126/><T132/><D110/><U51/><E109/><V1/><F72/><W27/><G122/><T18/><D132/><U60/><E104/><V28/><F127/><W71/><G0/><T107/><D107/><U37/><E37/><V26/><REACH who="2" step="1"/><F40/><REACH who="2" ten="372,42,255,321" step="2"/><W106/><G115/><T111/><D111/><U116/><E116/><V118/><F118/><W41/><G117/><T49/><D62/><U21/><E61/><V29/><F29/><W22/><G41/><N who="0" m="15371" /><D44/><U105/><E51/><V99/><F99/><AGARI ba="0,1" hai="17,18,19,48,49,79,82,85,93,99,101" m="15371" machi="99" ten="30,7700,0" yaku="8,1,52,3" doraHai="36" who="0" fromWho="2" sc="372,87,42,0,255,-77,321,0" /><INIT seed="2,0,0,0,0,4" ten="459,42,178,321" oya="2" hai0="56,133,35,102,23,29,8,132,19,21,42,81,84" hai1="103,13,104,47,131,117,34,73,121,5,76,53,72" hai2="37,70,107,100,69,25,114,67,11,65,127,57,3" hai3="50,134,124,106,71,88,7,15,49,1,94,52,112"/><V111/><F114/><W105/><G71/><T116/><D102/><U17/><E117/><V89/><F37/><W43/><G1/><T60/><D42/><U122/><E34/><V91/><F127/><W99/><G124/><T77/><D116/><U16/><E131/><V41/><F41/><W74/><G74/><N who="1" m="28778" /><E76/><V51/><F111/><W128/><G128/><T118/><D35/><U129/><E129/><V87/><F91/><W33/><G33/><T55/><D118/><U96/><E47/><V101/><F70/><W113/><G49/><T115/><D29/><U0/><E0/><V14/><F3/><W44/><G43/><T30/><D30/><U66/><E66/><V86/><F86/><W46/><G46/><T123/><D123/><N who="1" m="47115" /><E53/><V108/><F67/><W135/><G106/><T125/><D125/><U58/><E58/><V28/><F107/><W126/><G105/><T31/><D31/><U75/><N who="1" m="28786" /><U12/><DORA hai="2" /><E12/><V63/><F108/><W59/><G59/><T38/><D38/><U90/><E90/><V109/><F109/><W98/><G126/><T79/><D79/><U22/><E22/><N who="2" m="15415" /><F69/><W62/><G113/><T68/><D68/><U40/><E40/><V82/><F51/><W93/><G112/><T64/><D64/><U110/><E110/><V45/><F45/><W36/><G36/><T20/><D115/><U120/><N who="1" m="47123" /><U85/><DORA hai="18" /><E85/><V39/><F39/><W32/><G32/><T6/><D84/><U80/><E80/><V97/><F97/><W78/><G98/><T27/><D81/><U26/><E26/><RYUUKYOKU ba="0,0" sc="459,-15,42,15,178,15,321,-15" hai1="5,13,16,17,96,103,104" hai2="11,14,57,63,65,82,87,89,100,101" /><INIT seed="2,1,0,1,3,73" ten="444,57,193,306" oya="2" hai0="103,102,8,100,96,125,27,107,91,3,31,124,127" hai1="29,83,118,30,119,21,63,28,23,44,33,16,11" hai2="0,104,41,101,98,13,7,15,6,108,114,112,81" hai3="4,53,123,89,80,58,18,130,109,54,133,117,17"/><V20/><F0/><W134/><G109/><T9/><D3/><U110/><E63/><V72/><F108/><W42/><G117/><N who="1" m="44554" /><E44/><V43/><F15/><W46/><G123/><T25/><D25/><N who="1" m="18575" /><E83/><V106/><F106/><W113/><G4/><T26/><D26/><N who="1" m="14631" /><E110/><V67/><F67/><W1/><G53/><T12/><D91/><U45/><E45/><V71/><F71/><W68/><G68/><T99/><D107/><U75/><E75/><V47/><F43/><W129/><G89/><T66/><D66/><U49/><E49/><V57/><F57/><W90/><G90/><T36/><D36/><U60/><E60/><V126/><F72/><W10/><G80/><T48/><D48/><U62/><E62/><V82/><F82/><W52/><G46/><T92/><D92/><U77/><E77/><V5/><F81/><W88/><G42/><T116/><D116/><U132/><E132/><V38/><REACH who="2" step="1"/><F126/><REACH who="2" ten="444,57,183,306" step="2"/><W40/><G58/><T93/><D12/><U111/><E111/><V55/><F55/><W2/><G40/><T76/><D76/><U35/><E35/><V115/><F115/><W86/><G113/><T51/><D124/><U19/><E11/><V128/><F128/><W131/><G10/><T69/><D69/><U50/><E50/><V120/><F120/><W14/><G130/><T85/><D51/><U34/><E34/><V79/><F79/><W95/><G129/><T84/><D125/><U65/><E65/><V56/><F56/><W105/><G131/><T59/><D127/><U135/><E135/><V37/><F37/><W121/><G133/><RYUUKYOKU ba="1,1" sc="444,-15,57,15,183,15,306,-15" hai1="19,23,29,30" hai2="5,6,7,13,20,38,41,47,98,101,104,112,114" /><INIT seed="2,2,1,1,4,12" ten="429,72,198,291" oya="2" hai0="34,85,105,58,103,52,27,118,76,61,84,22,66" hai1="106,112,32,19,37,9,131,49,72,86,5,24,135" hai2="128,28,0,44,21,108,127,121,102,53,101,55,64" hai3="11,130,30,47,26,96,120,13,109,54,93,10,68"/><V2/><F121/><W122/><G109/><T83/><D34/><U63/><E72/><V6/><F108/><W113/><G68/><T88/><D118/><U73/><E73/><V7/><F127/><W87/><G130/><T14/><D14/><U70/><E37/><V110/><F110/><W134/><G134/><T74/><D74/><U126/><E135/><V77/><F128/><W132/><G132/><T81/><D105/><U71/><E131/><V107/><F77/><W38/><G87/><T115/><D115/><U33/><E126/><V60/><F7/><W16/><G10/><T92/><D103/><U100/><E112/><V31/><F31/><W48/><G38/><T46/><D46/><U18/><E49/><V125/><F125/><W82/><G82/><N who="0" m="47175" /><D66/><N who="1" m="41311" /><E86/><V80/><F2/><W41/><G54/><N who="2" m="20489" /><F44/><W8/><G8/><T4/><D4/><U129/><E33/><V119/><F119/><W45/><G45/><T69/><D69/><U116/><E71/><V95/><F107/><W39/><G39/><T20/><D20/><U3/><E116/><V29/><F21/><W23/><G113/><T17/><AGARI ba="2,1" hai="17,22,27,52,58,61,81,83,85,88,92" m="47175" machi="17" ten="30,7900,0" yaku="8,1,52,1,54,2" doraHai="12" who="0" fromWho="0" sc="429,95,72,-22,198,-41,291,-22" /><INIT seed="3,0,0,2,4,27" ten="524,50,157,269" oya="3" hai0="92,70,22,123,124,89,128,107,109,111,86,42,117" hai1="76,36,33,7,53,3,61,54,4,62,38,102,10" hai2="108,121,11,133,129,40,14,95,52,32,57,60,85" hai3="66,26,15,134,83,47,1,63,127,93,122,104,132"/><W91/><G104/><T20/><D70/><U13/><E33/><V16/><F108/><W65/><G1/><T43/><D117/><U71/><E76/><V9/><F129/><W35/><G122/><T112/><D112/><U25/><E102/><V68/><F121/><W44/><G83/><T74/><D123/><U81/><E81/><V19/><F133/><N who="3" m="51307" /><G15/><T41/><D74/><U48/><E25/><V126/><F126/><W39/><G39/><T125/><D107/><U119/><E71/><V73/><F73/><W58/><G66/><T49/><D49/><U75/><E75/><V69/><F32/><W34/><G127/><N who="0" m="48715" /><D128/><U31/><E119/><V103/><F40/><W18/><G35/><T118/><D118/><U131/><E131/><V45/><F45/><W30/><G18/><T23/><AGARI ba="0,0" hai="20,22,23,41,42,43,86,89,92,109,111" m="48715" machi="23" ten="40,1500,0" yaku="18,1" doraHai="27" who="0" fromWho="0" sc="524,15,50,-4,157,-4,269,-7" /><INIT seed="4,0,0,4,4,102" ten="539,46,153,262" oya="0" hai0="103,4,35,95,44,17,59,85,108,52,28,49,97" hai1="130,48,9,113,57,117,114,119,23,70,42,101,127" hai2="81,77,31,83,73,111,123,78,71,68,18,72,29" hai3="80,76,88,56,63,91,104,20,11,33,27,89,82"/><T34/><D108/><U84/><E9/><V100/><F123/><W122/><G33/><T132/><D132/><U0/><E0/><V24/><F100/><W55/><G122/><T58/><D4/><U66/><E23/><V46/><F46/><W120/><G120/><T126/><D126/><U53/><E84/><V61/><F111/><W30/><G104/><T109/><D109/><U67/><E101/><V32/><F18/><W116/><G116/><N who="1" m="44618" /><E130/><V131/><F131/><W98/><G98/><T96/><D85/><U99/><E99/><V65/><REACH who="2" step="1"/><F31/><REACH who="2" ten="539,46,143,262" step="2"/><W79/><G11/><T62/><D17/><U107/><E127/><V69/><AGARI ba="0,1" hai="24,29,32,61,65,68,69,71,72,73,77,78,81,83" machi="69" ten="20,16000,3" yaku="1,1,2,1,0,1,7,1,9,1,33,3,53,0" doraHai="102" doraHaiUra="36" who="2" fromWho="2" sc="539,-80,46,-40,143,170,262,-40" /><INIT seed="5,0,0,2,0,124" ten="459,6,313,222" oya="1" hai0="96,8,108,119,135,73,94,80,24,93,50,129,69" hai1="97,123,35,3,120,38,63,47,58,60,40,95,48" hai2="106,74,14,101,52,133,10,121,112,70,130,55,113" hai3="49,131,6,127,53,4,36,44,78,21,102,62,128"/><U2/><E35/><V82/><F121/><W111/><G111/><T28/><D69/><U100/><E120/><V107/><F70/><W65/><G127/><T54/><D108/><U7/><E123/><V29/><F133/><W5/><G36/><T15/><D119/><U77/><E77/><V109/><F109/><W92/><G78/><T39/><D39/><U57/><E38/><V46/><F29/><W85/><G21/><T26/><D94/><U105/><E105/><V64/><F64/><W104/><G104/><T32/><D26/><U30/><E30/><V71/><F71/><W45/><G45/><T91/><D80/><U68/><E68/><V51/><F55/><W98/><REACH who="3" step="1"/><G85/><REACH who="3" ten="459,6,313,212" step="2"/><T76/><D76/><U110/><E110/><V118/><F107/><W13/><G13/><T12/><D12/><U132/><E132/><V66/><F106/><W37/><G37/><T83/><D15/><U33/><E33/><V56/><F14/><W103/><G103/><T42/><D32/><U22/><E22/><V122/><F122/><W81/><G81/><T75/><D83/><U99/><E99/><V17/><F101/><W86/><G86/><T72/><D96/><U84/><E84/><V79/><F82/><W41/><G41/><T114/><D42/><U31/><E31/><V117/><F79/><W125/><G125/><T89/><D28/><U1/><E7/><V59/><F118/><W18/><G18/><T25/><D135/><U43/><E43/><V88/><F17/><W116/><G116/><T34/><D34/><U115/><E115/><V9/><F113/><RYUUKYOKU ba="0,1" sc="459,-15,6,15,313,-15,212,15" hai1="1,2,3,40,47,48,57,58,60,63,95,97,100" hai3="4,5,6,44,49,53,62,65,92,98,102,128,131" /><INIT seed="5,1,1,1,2,128" ten="444,21,298,227" oya="1" hai0="34,103,84,75,0,52,111,16,40,56,112,77,49" hai1="99,42,130,97,22,105,98,94,28,33,108,132,110" hai2="113,30,26,102,27,66,63,4,37,65,129,31,79" hai3="117,133,115,60,68,23,44,7,69,61,46,95,38"/><U96/><E130/><V74/><F129/><W24/><G7/><T53/><D34/><U124/><E124/><V73/><F37/><W18/><G115/><T71/><D71/><U78/><E132/><V101/><F63/><W47/><G38/><T13/><D75/><U92/><E33/><V1/><F4/><W9/><G117/><T11/><D0/><U123/><E123/><V126/><F79/><W2/><G2/><T121/><D121/><U134/><E134/><V59/><F1/><W3/><G3/><T90/><D111/><N who="1" m="42539" /><E42/><V82/><F82/><W43/><G43/><T57/><D40/><U54/><E54/><V87/><F126/><W36/><G36/><T25/><D103/><N who="1" m="62695" /><E28/><V15/><F113/><W20/><G133/><T122/><D112/><U127/><E127/><V39/><F39/><W80/><G9/><T55/><D77/><U91/><E22/><V6/><F31/><W8/><G8/><T119/><D119/><U135/><E135/><V131/><F131/><W14/><G68/><T106/><D106/><U120/><E120/><V72/><F30/><W116/><G69/><T45/><D25/><U12/><E12/><V104/><F104/><W50/><G23/><T70/><D70/><U21/><E21/><V5/><F15/><W48/><G14/><T41/><D122/><U76/><E92/><AGARI ba="1,1" hai="11,13,16,41,45,49,52,53,55,56,57,84,90,92" machi="92" ten="40,5200,0" yaku="8,1,54,2" doraHai="128" who="0" fromWho="1" sc="444,65,21,-55,298,0,227,0" owari="509,60.9,-34,-53.4,298,9.8,227,-17.3" /></mjloggm>